@book{cit:suttonbarto,
    author = {Sutton, Richard S. and Barto, Andrew G.},
    title = {Introduction to Reinforcement Learning},
    year = {1998},
    isbn = {0262193981},
    edition = {1st},
    publisher = {MIT Press},
    address = {Cambridge, MA, USA},
}

@article{cit:boutilier,
  author    = {Craig Boutilier and
               Thomas L. Dean and
               Steve Hanks},
  title     = {Decision-Theoretic Planning: Structural Assumptions and
               Computational Leverage},
  journal   = {CoRR},
  volume    = {abs/1105.5460},
  year      = {2011},
  ee        = {http://arxiv.org/abs/1105.5460},
  bibsource = {DBLP, http://dblp.uni-trier.de}
}

@article{cit:pomdp,
    Author = {Leslie Pack Kaelbling and Michael L. Littman and Anthony R. Cassandra},
    Journal = {Artificial Intelligence},
    Title = {Planning and Acting in Partially Observable Stochastic Domains},
    Volume = {101},
    Year = {1998},
    url={http://people.csail.mit.edu/lpk/papers/aij98-pomdp.pdf}
}

@incollection{cit:rpomdp,
title = {A POMDP Extension with Belief-dependent Rewards},
author = {Mauricio Araya and Olivier Buffet and Vincent Thomas and Fran\c{c}cois Charpillet},
booktitle = {Advances in Neural Information Processing Systems 23},
editor = {J.D. Lafferty and C.K.I. Williams and J. Shawe-Taylor and R.S. Zemel and A. Culotta},
pages = {64--72},
year = {2010},
publisher = {Curran Associates, Inc.},
url = {http://papers.nips.cc/paper/3971-a-pomdp-extension-with-belief-dependent-rewards.pdf}
}

@article{cit:incpruning,
    author    = {Anthony R. Cassandra and
        Michael L. Littman and
        Nevin Lianwen Zhang},
    title     = {Incremental Pruning: A Simple, Fast, Exact Method for Partially
        Observable Markov Decision Processes},
    journal   = {CoRR},
    volume    = {abs/1302.1525},
    year      = {2013},
    ee        = {http://arxiv.org/abs/1302.1525},
    bibsource = {DBLP, http://dblp.uni-trier.de}
}

@inproceedings{cit:pbvi,
    author = "Joelle Pineau and Geoffrey Gordon and Sebastian Thrun",
    title = "Point-based value iteration: An anytime algorithm for POMDPs",
    booktitle = "International Joint Conference on Artificial Intelligence (IJCAI)",
    pages = "1025 - 1032",
    month = "August",
    year = "2003",
}

@book{cit:amdp,
    author = {Thrun, Sebastian and Burgard, Wolfram and Fox, Dieter},
    title = {Probabilistic Robotics (Intelligent Robotics and Autonomous Agents)},
    year = {2005},
    isbn = {0262201623},
    publisher = {The MIT Press},
}

@inproceedings{cit:mcts,
    author = {Coulom, R{\'e}mi},
    title = {Efficient Selectivity and Backup Operators in Monte-Carlo Tree Search},
    booktitle = {Proceedings of the 5th International Conference on Computers and Games},
    series = {CG'06},
    year = {2007},
    isbn = {3-540-75537-3, 978-3-540-75537-1},
    location = {Turin, Italy},
    pages = {72--83},
    numpages = {12},
    url = {http://dl.acm.org/citation.cfm?id=1777826.1777833},
    acmid = {1777833},
    publisher = {Springer-Verlag},
    address = {Berlin, Heidelberg},
}

@inproceedings{cit:uct,
    author = {Kocsis, Levente and Szepesv\'{a}ri, Csaba},
    title = {Bandit Based Monte-carlo Planning},
    booktitle = {Proceedings of the 17th European Conference on Machine Learning},
    series = {ECML'06},
    year = {2006},
    isbn = {3-540-45375-X, 978-3-540-45375-8},
    location = {Berlin, Germany},
    pages = {282--293},
    numpages = {12},
    url = {http://dx.doi.org/10.1007/11871842\_29},
    doi = {10.1007/11871842\_29},
    acmid = {2091633},
    publisher = {Springer-Verlag},
    address = {Berlin, Heidelberg},
}

@INPROCEEDINGS{cit:pomcp,
    author = {David Silver and Joel Veness},
    title = {Monte-Carlo Planning in Large POMDPs},
    booktitle = {In Advances in Neural Information Processing Systems 23},
    year = {2010},
    pages = {2164--2172}
}

@article{cit:badentropy,
    author = {Paninski, Liam},
    title = {Estimation of Entropy and Mutual Information},
    journal = {Neural Comput.},
    issue_date = {June 2003},
    volume = {15},
    number = {6},
    month = jun,
    year = {2003},
    issn = {0899-7667},
    pages = {1191--1253},
    numpages = {63},
    url = {http://dx.doi.org/10.1162/089976603321780272},
    doi = {10.1162/089976603321780272},
    acmid = {795524},
    publisher = {MIT Press},
    address = {Cambridge, MA, USA},
}

@article{cit:entropyfixes,
    author    = {Evan Archer and
        Il Memming Park and
        Jonathan W. Pillow},
    title     = {Bayesian Entropy Estimation for Countable Discrete Distributions},
    journal   = {CoRR},
    volume    = {abs/1302.0328},
    year      = {2013},
    ee        = {http://arxiv.org/abs/1302.0328},
    bibsource = {DBLP, http://dblp.uni-trier.de}
}

@inproceedings{cit:tiger,
    author = {Cassandra, Anthony R. and Kaelbling, Leslie Pack and Littman, Michael L.},
    title = {Acting Optimally in Partially Observable Stochastic Domains},
    booktitle = {Proceedings of the Twelfth National Conference on Artificial Intelligence (Vol. 2)},
    series = {AAAI'94},
    year = {1994},
    isbn = {0-262-61102-3},
    location = {Seattle, Washington, USA},
    pages = {1023--1028},
    numpages = {6},
    url = {http://dl.acm.org/citation.cfm?id=199480.199520},
    acmid = {199520},
    publisher = {American Association for Artificial Intelligence},
    address = {Menlo Park, CA, USA},
}

@article{cit:cctv,
    author = {Welsh, Brandon C. and Farrington, David P.},
    title = {Public Area CCTV and Crime Prevention: An Updated Systematic Review and Meta-Analysis},
    journal = {Justice Quarterly},
    volume = {26},
    number = {4},
    pages = {716-745},
    year = {2009},
    doi = {10.1080/07418820802506206},
    URL = {http://dx.doi.org/10.1080/07418820802506206},
    eprint = {http://dx.doi.org/10.1080/07418820802506206}
}

@article{cit:cctvenergy,
 author = {Pottie, G. J. and Kaiser, W. J.},
 title = {Wireless Integrated Network Sensors},
 journal = {Commun. ACM},
 issue_date = {May 2000},
 volume = {43},
 number = {5},
 month = may,
 year = {2000},
 issn = {0001-0782},
 pages = {51--58},
 numpages = {8},
 url = {http://doi.acm.org/10.1145/332833.332838},
 doi = {10.1145/332833.332838},
 acmid = {332838},
 publisher = {ACM},
 address = {New York, NY, USA},
}

@InProceedings{cit:relworkspaan,
  author =       {Matthijs T. J. Spaan and Pedro U. Lima},
  title =        {A Decision-theoretic Approach to Dynamic Sensor
                  Selection in Camera Networks},
  booktitle =    {Int.\ Conf.\ on Automated Planning and Scheduling},
  year =         2009,
  pages =        {279--304}
}

@article{cit:relworktanks,
 author = {Kreucher, Chris and Kastella, Keith and Hero,III, Alfred O.},
 title = {Sensor Management Using an Active Sensing Approach},
 journal = {Signal Process.},
 issue_date = {March 2005},
 volume = {85},
 number = {3},
 month = mar,
 year = {2005},
 issn = {0165-1684},
 pages = {607--624},
 numpages = {18},
 url = {http://dx.doi.org/10.1016/j.sigpro.2004.11.004},
 doi = {10.1016/j.sigpro.2004.11.004},
 acmid = {1062986},
 publisher = {Elsevier North-Holland, Inc.},
 address = {Amsterdam, The Netherlands, The Netherlands},
 keywords = {active sensing, joint multitarget probability density, machine learning, multitarget tracking, particle filtering, sensor management},
}

@Article{cit:relworklagrange,
  author =	 {Williams, Jason L. and Fisher III, John W. and
                  Willsky, Alan S.},
  title =	 {Approximate Dynamic Programming for
                  Communication-Constrained Sensor Network
                  Management},
  journal =	 {IEEE Transactions on Signal Processing},
  year =	 2007,
  volume =	 55,
  number =	 8,
  pages =	 {3995-4003},
  month =	 {August},
  url =          {publications/papers/williams07a.pdf}
}

@incollection{cit:relworkonline1,
year={2005},
isbn={978-3-540-25864-3},
booktitle={Advances in Artificial Intelligence},
volume={3501},
series={Lecture Notes in Computer Science},
editor={Kégl, Balázs and Lapalme, Guy},
doi={10.1007/11424918\_49},
title={Real-Time Decision Making for Large POMDPs},
url={http://dx.doi.org/10.1007/11424918\_49},
publisher={Springer Berlin Heidelberg},
author={Paquet, Sébastien and Tobin, Ludovic and Chaib-draa, Brahim},
pages={450-455},
language={English}
}

@inproceedings{cit:relworkonlineq,
 author = {Bonet, Blai and Geffner, H{\'e}ctor},
 title = {Solving POMDPs: RTDP-bel vs. Point-based Algorithms},
 booktitle = {Proceedings of the 21st International Jont Conference on Artifical Intelligence},
 series = {IJCAI'09},
 year = {2009},
 location = {Pasadena, California, USA},
 pages = {1641--1646},
 numpages = {6},
 url = {http://dl.acm.org/citation.cfm?id=1661445.1661709},
 acmid = {1661709},
 publisher = {Morgan Kaufmann Publishers Inc.},
 address = {San Francisco, CA, USA},
}

@INPROCEEDINGS{cit:relworkonlineaems,
    author = {Stéphane Ross and Brahim Chaib-draa},
    title = {AEMS: an anytime online search algorithm for approximate policy refinement in large POMDPs},
    booktitle = {In: Proceedings of the 20th International Joint Conference on Artificial Intelligence (IJCAI)},
    year = {2007},
    pages = {2592--2598}
}

@incollection{cit:relworkonlinebi,
year={1997},
isbn={978-3-540-63912-1},
booktitle={Recent Advances in AI Planning},
volume={1348},
series={Lecture Notes in Computer Science},
editor={Steel, Sam and Alami, Rachid},
doi={10.1007/3-540-63912-8\_105},
title={BI-POMDP: Bounded, incremental partially-observable Markov-model planning},
url={http://dx.doi.org/10.1007/3-540-63912-8\_105},
publisher={Springer Berlin Heidelberg},
author={Washington, Richard},
pages={440-451},
language={English}
}

@article{cit:relworkonlineall,
 author = {Ross, St{\'e}phane and Pineau, Joelle and Paquet, S{\'e}bastien and Chaib-draa, Brahim},
 title = {Online Planning Algorithms for POMDPs},
 journal = {J. Artif. Int. Res.},
 issue_date = {May 2008},
 volume = {32},
 number = {1},
 month = jul,
 year = {2008},
 issn = {1076-9757},
 pages = {663--704},
 numpages = {42},
 url = {http://dl.acm.org/citation.cfm?id=1622673.1622690},
 acmid = {1622690},
 publisher = {AI Access Foundation},
 address = {USA},
}

@INPROCEEDINGS{cit:relworkentropy,
author={Hanbiao Wang and Pottie, G. and Yao, K. and Estrin, D.},
booktitle={Information Processing in Sensor Networks, 2004. IPSN 2004. Third International Symposium on},
title={Entropy-based sensor selection heuristic for target localization},
year={2004},
month={April},
pages={36-45},
keywords={entropy;probability;sensor fusion;target tracking;Gaussian sensing models;Shannon entropy;candidate sensors;entropy-based sensor selection heuristic;information fusion;information-directed resource management;informative sensor;localization simulations;mutual information;mutual-information-based approach;optimal candidate sensor;probability distribution;sensor observation;target localization;target location distribution;target tracking;Computer science;Entropy;Mutual information;Permission;Resource management;Sensor fusion;Sensor phenomena and characterization;Sensor systems and applications;Target tracking;Wireless sensor networks},
doi={10.1109/IPSN.2004.1307321},
}

@article{cit:relworkconvex,
  added-at = {2009-06-14T00:00:00.000+0200},
  author = {Joshi, Siddharth and Boyd, Stephen},
  biburl = {http://www.bibsonomy.org/bibtex/292c2a610676ad62fbb0d7fcc7841970d/dblp},
  date = {2009-06-14},
  description = {dblp},
  ee = {http://dx.doi.org/10.1109/TSP.2008.2007095},
  interhash = {5a868936e557fb02915887ff9b63edca},
  intrahash = {92c2a610676ad62fbb0d7fcc7841970d},
  journal = {IEEE Transactions on Signal Processing},
  keywords = {dblp},
  number = 2,
  pages = {451-462},
  timestamp = {2009-06-14T00:00:00.000+0200},
  title = {Sensor Selection via Convex Optimization.},
  url = {http://dblp.uni-trier.de/db/journals/tsp/tsp57.html\#JoshiB09},
  volume = 57,
  year = 2009
}

@MISC{cit:relworkneuralnet,
    author = {Katsunari Shibata and Tetsuo Nishino and Yoichi Okabe},
    title = {Active Perception Based on Reinforcement Learning},
    year = {}
}

@article{cit:perseus,
 author = {Spaan, Matthijs T. J. and Vlassis, Nikos},
 title = {Perseus: Randomized Point-based Value Iteration for POMDPs},
 journal = {J. Artif. Int. Res.},
 issue_date = {July 2005},
 volume = {24},
 number = {1},
 month = aug,
 year = {2005},
 issn = {1076-9757},
 pages = {195--220},
 numpages = {26},
 url = {http://dl.acm.org/citation.cfm?id=1622519.1622525},
 acmid = {1622525},
 publisher = {AI Access Foundation},
 address = {USA},
} 
